@unknown{unknown,
author = {Yu, Jihun and Turk, Greg},
year = {2010},
month = {07},
pages = {217-225},
title = {Reconstructing Surfaces of Particle-Based Fluids Using Anisotropic Kernels},
volume = {32},
booktitle = {ACM Transactions on Graphics}
}