@article{article,
author = {Macklin, Miles and MÃ¼ller, Matthias},
year = {2013},
month = {07},
pages = {104:1-},
title = {Position Based Fluids},
volume = {32},
booktitle = {ACM Transactions on Graphics}
}