@unknown{unknown,
author = {Becker, Markus and Teschner, Matthias},
year = {2007},
month = {01},
pages = {209-217},
title = {Weakly Compressible SPH for Free Surface Flows},
volume = {9},
booktitle = {Proceedings of the 2007 ACM SIGGRAPH/Eurographics Symposium on Computer Animation}
}