@article{article,
author = {B. Liu, M and Liu, G.R.},
year = {2010},
month = {03},
pages = {25-76},
title = {Smoothed Particle Hydrodynamics (SPH): an Overview and Recent Developments},
volume = {17},
booktitle = {Archives of Computational Methods in Engineering}
}