@article{article,
author = {Lorensen, William and E. Cline, Harvey},
year = {1987},
month = {08},
pages = {163-},
title = {Marching Cubes: A High Resolution 3D Surface Construction Algorithm},
volume = {21},
booktitle = {ACM SIGGRAPH Computer Graphics}
}