@article{article,
author = {Schechter, Hagit and Bridson, Robert},
year = {2012},
month = {07},
pages = {},
title = {Ghost SPH for animating water},
volume = {31},
booktitle = {ACM Transactions on Graphics - TOG}
}