@article{mueller,
author = {Müller, Matthias and Heidelberger, Bruno and Hennix, Marcus and Ratcliff, John},
year = {2007},
month = {04},
pages = {109-118},
title = {Position Based Dynamics},
volume = {18},
booktitle = {Journal of Visual Communication and Image Representation}
}

@article{Schechter,
author = {Schechter, Hagit and Bridson, Robert},
year = {2012},
month = {07},
pages = {},
title = {Ghost SPH for animating water},
volume = {31},
booktitle = {ACM Transactions on Graphics - TOG}
}

@article{Lorensen,
author = {Lorensen, William and E. Cline, Harvey},
year = {1987},
month = {08},
pages = {163-},
title = {Marching Cubes: A High Resolution 3D Surface Construction Algorithm},
volume = {21},
booktitle = {ACM SIGGRAPH Computer Graphics}
}

@article{Becker,
author = {Becker, Markus and Teschner, Matthias},
year = {2007},
month = {01},
pages = {209-217},
title = {Weakly Compressible SPH for Free Surface Flows},
volume = {9},
booktitle = {Proceedings of the 2007 ACM SIGGRAPH/Eurographics Symposium on Computer Animation}
}

@article{Macklin,
author = {Macklin, Miles and Müller, Matthias},
year = {2013},
month = {07},
pages = {104:1-},
title = {Position Based Fluids},
volume = {32},
booktitle = {ACM Transactions on Graphics}
}

@article{Liu,
author = {B. Liu, M and Liu, G.R.},
year = {2010},
month = {03},
pages = {25-76},
title = {Smoothed Particle Hydrodynamics (SPH): an Overview and Recent Developments},
volume = {17},
booktitle = {Archives of Computational Methods in Engineering}
}

@article{Yu,
author = {Yu, Jihun and Turk, Greg},
year = {2010},
month = {07},
pages = {217-225},
title = {Reconstructing Surfaces of Particle-Based Fluids Using Anisotropic Kernels},
volume = {32},
booktitle = {ACM Transactions on Graphics}
}

@article{Akinci,
 author = {Akinci, Nadir and Ihmsen, Markus and Akinci, Gizem and Solenthaler, Barbara and Teschner, Matthias},
 title = {Versatile Rigid-fluid Coupling for Incompressible SPH},
 journal = {ACM Trans. Graph.},
 issue_date = {July 2012},
 volume = {31},
 number = {4},
 month = jul,
 year = {2012},
 issn = {0730-0301},
 pages = {62:1--62:8},
 articleno = {62},
 numpages = {8},
 url = {http://doi.acm.org/10.1145/2185520.2185558},
 doi = {10.1145/2185520.2185558},
 acmid = {2185558},
 publisher = {ACM},
 address = {New York, NY, USA},
 keywords = {fluid simulation, fluid-solid coupling, physically-based animation, smoothed particle hydrodynamics}
} 

@book{Bridson2016,
    author = {Bridson, R. and Müller-Fischer, M.},
    title = {Fluid Simulation for Computer Graphics},
    edition = {2},
    year = {2016},
    publisher = {Taylor and Francis Group, LLC}
}
